4885 5775
1397 438 1504 509 66
2504 418 2958 496 cal-‘AT
3088 409 3233 491 111.

1251 634 1630 709 contineri
1701 628 2342 731 deprehenditur:
2411 622 2675 697 nihilo
2716 665 2723 669 ·
2770 648 2957 695 vero
3028 619 3274 693 minus
3348 616 3719 693 satisfacit
3788 606 4219 711 aequationi
4290 606 4433 681 dif-

1252 758 2110 837 ferendo-differentiaii
2183 752 2657 855 propositae.
2814 752 2987 825 Hoc
3056 772 3247 847 ergo
3316 746 3667 845 exemplo
3736 744 3977 842 magis
4050 740 4433 812 illustran-

1257 904 1382 973 tan·
1451 916 1584 979 ea,
1665 914 1860 986 quae
1933 912 2170 985 supra
2235 883 2447 958 circa
2520 883 2663 953 hoe
2750 878 3201 975 paradoxon
3273 898 3529 949 sumus
3600 867 4135 952 commentati,
4232 863 4433 959 quod

1258 1017 1636 1091 interdum
1710 1014 2146 1111 aequationi
2235 1007 2715 1083 diti'etentiali
2805 1003 3227 1078 satisfaciat
3312 1002 3665 1097 aequatio
3750 1002 3995 1089 finita,
4100 1017 4293 1089 quae
4364 992 4438 1063 in

1263 1145 1618 1243 integrali
1706 1144 2090 1238 completo
2177 1137 2482 1211 minime
2572 1134 3125 1206 contineatur.v
3250 1132 3603 1204 Videmus
3694 1131 3919 1229 igitur
4008 1127 4154 1195 hoc
4240 1121 4437 1192 idem

1266 1276 1719 1371 paradoxon
1789 1272 2013 1344 etiam
2104 1270 2172 1341 in
2267 1262 2846 1360 aequationibus
2918 1258 4082 1333 differentio-differentialibus
4184 1248 4434 1321 iocum

1263 1402 1574 1473 habere.
1712 1400 1978 1472 Utrum
2083 1414 2332 1469 autem
2436 1392 2563 1464 illa
2669 1386 3021 1483 aequatio
3104 1388 3546 1483 yzC‘xx
3613 1386 3809 1459 inter
3878 1377 4277 1479 integrali-a
4344 1374 4441 1449 sit

1269 1527 1776 1609 admittenda,
1847 1525 1988 1599 alia
2063 1540 2178 1599 est
2248 1519 2635 1619 quaestio,
2706 1542 2899 1612 quae
2970 1516 3307 1589 nondum
3378 1514 3673 1613 penitus
3727 1514 4439 1603 videturconfecta3

1269 1656 1390 1727 hic
1463 1654 1769 1751 quidem
1839 1655 2007 1753 ipsa
2075 1650 2425 1747 aequatio
2510 1645 2907 1744 proposita
2992 1642 3208 1739 quasi
3292 1644 3629 1718 factores
3710 1646 3997 1718 habens
4067 1655 4185 1717 est
4260 1666 4443 1713 cen-

1269 1784 1544 1875 senda,
1639 1808 1728 1857 ex
1796 1806 2120 1879 quorum
2193 1780 2437 1853 altero
2510 1774 2634 1847 illa
2716 1773 3071 1867 aequatio·
3151 1773 3599 1868 yszx
3669 1788 4069 1863 nascatur,
4174 1795 4441 1843 verum

1269 1912 1584 1983 multum
1652 1914 1917 2001 abest,
2015 1923 2100 1983 ut
2181 1908 2256 1981 in
2342 1909 2485 1980 hac
2552 1900 3059 1999 explicatione
3144 1900 3631 1996 acquiescere
3704 1926 4094 1995 queamus.
4234 1898 4438 1991 Quin

1276 2038 1529 2134 potius
1597 2044 1766 2135 ipsa
1835 2036 1964 2128 illa,
2031 2035 2415 2132 quaestiO,
2524 2030 2682 2105 sive
2768 2029 3239 2127 geometrica
3324 2026 3779 2103 suerit·si've
3848 2032 4033 2104 alius
4104 2032 4439 2131 discipli·

1273 2190 1458 2257 nae,
1557 2167 1768 2265 cujus
1852 2162 2128 2248 solutio
2217 2164 2310 2234 ad
2397 2157 2821 2257 hujusmodi
2893 2158 3423 2253 aequationem
3496 2152 3973 2253 perduxerit,
4081 2174 4441 2235 accurate

1272 2293 1646 2391 perpendi
1713 2292 2000 2365 debere
2066 2290 2408 2381 videon-3
2476 2284 2596 2357 ubi
2668 2286 3116 2381 plerumque
3189 2284 3389 2357 haud
3453 2284 3855 2359 difficulter
3923 2286 4259 2363 indicare
4300 2314 4439 2387 po-

1275 2434 1457 2511 test,
1532 2439 1782 2493 utrum
1853 2418 2206 2514 quiequid
2278 2411 2709 2512 aequationi
2778 2412 3265 2487 differentiali
3329 2412 3789 2503 satisfaciat,
3889 2414 3963 2487 id
4032 2418 4259 2490 etiam
4330 2418 4443 2515 ip·

1274 2548 1336 2623 si
1405 2546 1832 2644 quaestioni
1902 2545 2308 2620 conveniat
2375 2568 2518 2617 nec
2588 2539 2736 2614 ne?
2870 2539 3120 2613 Veluti
3182 2539 3243 2613 si
3312 2540 3722 2645 descensus
3794 2566 4049 2640 gravis
4119 2570 4209 2617 ex
4280 2544 4443 2618 aiti-

1273 2675 1532 2747 tudinc
1598 2693 1742 2747 :a
1807 2672 2130 2747 labentis
2199 2669 2495 2745 definiri
2564 2669 2884 2761 debeat,
2956 2681 3033 2741 et
3100 2668 3415 2741 altitudo
3488 2694 3640 2765 qua
3708 2670 3872 2769 jam
3944 2694 3987 2742 a
4056 2684 4261 2745 terra
4336 2672 4447 2745 di·
4538 2642 4548 2649 ο

1276 2814 1430 2875 stat
1497 2799 1593 2877 sit
1658 2826 1772 2894 x,
1836 2800 1978 2877 erit
2046 2800 2146 2875 ibi
2213 2798 2567 2873 ceieritas
2634 2810 2716 2868 ut
2785 2780 2869 2901 γ’
2900 2802 3304 2890 (cz—x),
3400 2809 3476 2870 et
3560 2796 4009 2872 elementum
4082 2800 4447 2897 temporis

1149 3043 1164 3058 ι
1279 2915 1900 3082 ὒιῑῇἶὶ).
2034 2945 2190 3019 Hic
2269 2943 2577 3042 quidem
2660 2945 2975 3020 evidens
3056 2957 3175 3017 est
3258 2945 3382 3020 isti
3464 2943 3893 3040 aequationi
3964 2943 4449 3020 differentiali

1279 3096 1628 3202 satisfieri
1695 3094 2063 3194 ponendo·
2123 3111 2378 3183 xza,
2465 3089 2569 3162 ita
2638 3104 2722 3162 ut
2788 3103 3093 3190 tempus
3160 3097 3190 3162 t
3258 3107 3565 3164 maneat
3645 3091 4155 3184 indefinitum,
4242 3097 4449 3190 quod

1278 3241 1532 3296 tamen
1638 3221 2060 3318 quaestioni
2161 3219 2597 3314 neutiquam
2698 3233 3097 3311 convenit,
3146 3285 3155 3289 -
3199 3244 3394 3314 quae
3493 3219 3740 3294 nonisi
3808 3244 3995 3294 vero
4089 3222 4443 3322 integrati

1279 3356 1465 3426 t:
1511 3358 1552 3421 2
1599 3337 1683 3455 1!
1715 3359 1810 3438 (a
1855 3389 1958 3402 —
2000 3353 2099 3434 x)
2171 3345 2613 3422 resolvitur„
4474 3329 4481 3336 ’

2411 3599 3036 3677 Problema
3182 3606 3381 3673 100.

1550 3815 1754 3883 822.
1897 3807 1960 3882 Si
2033 3808 2106 3881 in
2175 3804 2631 3904 aequatione
2700 3798 3659 3878 differentio-differentiali
3728 3805 4110 3880 variabilis
4157 3821 4214 3904 y
4282 3833 4455 3883 cum

1278 3935 2128 4012 suis-differentialibus
2228 3929 2369 4029 Dy
2435 3945 2514 4004 et
2579 3923 2628 4008 c)
2674 3921 2809 4022 ὃς]
2908 3928 3181 4024 ubique
3284 3933 3605 4006 eundem
3692 3934 4245 4009 dimensionum
4314 3961 4456 4008 nu-

1279 4085 1578 4137 merum
1643 4063 2095 4161 adimpleat,
2197 4064 2360 4162 ejus
2426 4053 3017 4154 integra-tionem
3099 4057 3193 4130 ad
3270 4033 3815 4157 aequationem⁷
3872 4063 4457 4138 differentialem

1279 4190 1503 4289 primi
1573 4192 1856 4292 gradus
1922 4192 2319 4266 reducere.

2614 4411 3119 4490 Solutim

1537 4629 1795 4708 Posito
1864 4628 2004 4724 By
2047 4618 2433 4723 :2:pr
2502 4641 2577 4698 et
2646 4619 2775 4724 Dp
2815 4651 2933 4704 ,τ’-
2973 4622 3253 4732 ([ὂευ,
3343 4629 3695 4726 aequatio
3768 4626 3869 4699 ita
3939 4625 4083 4700 erit
4149 4653 4463 4726 compa·

1277 4772 1493 4849 rata,
1563 4772 1644 4829 ut
1711 4760 1784 4828 in
1855 4781 1944 4829 ea
2015 4769 2278 4828 ternae
2353 4753 2755 4830 variabiles
2818 4781 2914 4853 y,
2975 4783 3071 4856 p,
3141 4784 3233 4858 q,
3316 4758 3590 4854 ubique
3657 4754 3981 4830 cundem
4050 4756 4465 4834 dimensio-
