4885 5775
1647 337 2103 423 cit-Pur
2230 337 2395 417 Πῐιλ
3369 348 3520 439 49<

424 566 604 620 men
667 550 748 619 ut
821 536 966 639 ipsi
1035 560 1190 615 una
1257 534 1632 614 dimensio
1725 536 2090 639 negativa
2171 536 2270 615 sit
2329 530 2796 633 ’tribuenda3
2894 538 3149 617 littera
3233 538 3495 618 autem
3551 562 3611 641 p

422 670 502 747 in
567 673 765 745 hunc
829 679 1282 767 computum
1352 665 1583 765 plane
1665 689 1820 741 non
1907 666 2371 765 ingreditur,
2478 695 2676 767 quae
2758 691 2953 769 ergo
3018 681 3407 771 utcunque
3474 693 3608 745 ae-

425 797 766 897 quationi
832 793 1314 893 implicetur,
1411 792 2112 892 homogeneitatem
2193 822 2352 873 non
2432 802 2721 875 turbat.
2822 794 3261 871 Plurimum
3350 798 3606 873 'autem

422 926 746 1005 interest
811 924 1058 1023 probe
1125 946 1356 999 nosse
1439 920 1773 995 indolem
1857 920 2977 1001 differentio-differentialium
3058 922 3609 1022 aequationum

423 1056 1120 1155 homogenearum,
1221 1074 1396 1127 cum
1479 1073 1744 1123 earum
1823 1049 2192 1126 resolutio
2259 1054 2360 1127 ad
2437 1054 2987 1131 resolutionem
3061 1052 3606 1151 aequationum

399 1180 1044 1257 ·differentialium
1113 1175 1339 1277 primi
1407 1177 1697 1277 gradus
1761 1176 2026 1253 reduci
2097 1180 2384 1278 possit,
2454 1181 2565 1256 ita
2622 1194 2705 1256 ut
2772 1181 2833 1257 si
2886 1184 3079 1254 haec
3120 1172 3603 1273 successerit,

425 1310 654 1385 etiam
728 1307 1066 1406 ipsarum
1136 1305 1673 1402 aequationum
1775 1292 2903 1383 differentio·differentialium
2986 1308 3399 1407 integratio
3467 1310 3603 1382 ha·

421 1438 738 1529 beatur,
804 1434 880 1509 id
945 1434 1150 1531 quod
1217 1432 1294 1508 in
1361 1430 1710 1530 sequenti
1773 1433 2255 1532 problemate
2321 1436 2774 1513 luculentius
2841 1436 3362 1532 ostendemus.

1553 1658 2193 1739 Problema
2333 1674 2481 1745 98.

693 1906 902 1989 795.
1043 1895 1458 1994 Proposita
1529 1897 1984 1994 aequatione
2051 1898 3044 1977 differentio·differentiali
3094 1906 3604 2003 homogenea,

420 2035 588 2137 ejus
653 2027 1204 2107 resolutionem
1304 2024 1403 2100 ad
1504 2023 2098 2126 integrationem
2199 2026 2668 2127 aequationis
2764 2030 3296 2107 differentialis
3380 2030 3609 2133 primi

423 2164 714 2265 gradus
783 2158 1184 2234 reducere.

1758 2259 2394 2423 Solutio.h

681 2516 1034 2595 Reducta
1102 2511 1559 2611 aequatione
1627 2516 1993 2613 ponendo
2059 2508 2112 2599 ὃ
2149 2508 2533 2617 yzpb
2572 2544 2655 2609 ω,
2716 2534 2795 2597 et
2862 2509 2995 2617 Dp
3032 2510 3422 2622 :qu
3506 2510 3656 2596 ad‘·

426 2652 762 2734 formam
831 2647 952 2723 hic
1020 2654 1460 2741 receptam,
1539 2653 1624 2717 ut
1693 2648 2070 2721 habeatur
2135 2650 2491 2744 aequatio
2560 2647 2757 2725 inter
2826 2660 3151 2747 quatuor
3220 2650 3607 2748 quantita-

425 2818 546 2873 tes
615 2790 864 2867 finitas
931 2816 1031 2883 x,
1098 2808 1198 2887 y,
1256 2813 1312 2887 p
1381 2800 1460 2864 et
1525 2813 1622 2892 q,
1687 2803 2026 2892 ponatur
2087 2814 2489 2889 yz-..ux
2555 2808 2633 2871 et
2700 2778 3068 2912 ηεξ,
3132 2816 3225 2867 ae
3263 2816 3436 2869 cum
3472 2801 3650 2871 ae·'

423 2941 682 3042 quatio
749 2940 842 3016 sit
909 2939 1440 3035 homogenea,
1501 2939 1652 3015 hoe
1723 2943 1954 3016 modo
2021 2941 2408 3040 quantitas
2474 2965 2540 3012 x
2608 2931 2909 3039 penitus
2974 2967 3069 3018 ex
3134 2938 3429 3014 calculo
3466 2941 3607 3016 eli·

423 3075 690 3162 detur,
762 3069 868 3141 ita
936 3073 1018 3139 ut
1081 3062 1480 3162 proditura
1544 3063 1644 3138 sit
1709 3067 2063 3164 aequatio
2132 3071 2332 3141 inter
2399 3077 2662 3140 ternas
2732 3069 3195 3164 quantitates
3262 3088 3353 3154 a,
3411 3091 3459 3142 v
3528 3083 3609 3144 et

415 3226 514 3300 p,
582 3223 676 3274 ex
744 3221 894 3296 qua
959 3214 1192 3269 unam
1259 3214 1402 3289 per
1466 3189 1686 3270 binas
1749 3195 2087 3292 reliquas
2153 3193 2470 3270 definire
2542 3193 2790 3270 liceat.
2879 3193 3103 3272 Nunc
3170 3191 3396 3292 igitur
3432 3221 3608 3273 cum

423 3344 522 3422 sit
585 3331 1114 3442 Dyzpbx,
1181 3339 1328 3415 erit
1393 3329 2382 3437 uDae-l-xbuzpboe,
2447 3337 2775 3435 hincque
2844 3301 3375 3474 {fizpajs
3442 3345 3659 3418 De-.

425 3510 602 3591 inde
671 3511 775 3586 ob
843 3497 1456 3611 szqu,
1521 3507 1672 3582 erit
1737 3472 2276 3623 Dpzvix,
2343 3504 2667 3604 ideoque
2734 3469 3173 3626 23:953,
3274 3533 3370 3584 ex
3450 3533 3605 3608 quo

1083 3640 1196 3702 ὄπ
2079 3639 2178 3698 ὃτι
2256 3635 2536 3714 -ἂρ

2035 3747 2218 3810 p-u
2257 3739 2378 3752 ..-.
2423 3717 2576 3789 37,
2646 3703 2782 3754 seu
2816 3667 3601 3780 vbuzpr—udp.

430 3825 726 3920 Quodsi
793 3801 986 3926 ergo
1053 3850 1150 3900 ex
1213 3825 1342 3901 illa
1443 3822 1905 3922 aequatione
1991 3821 2374 3922 quantitas
2464 3848 2511 3896 v
2593 3825 2998 3906 definiatur
3062 3850 3205 3926 per
3270 3824 3490 3902 binas
3550 3851 3605 3924 p

429 3970 508 4029 et
573 3979 666 4049 u,
735 3949 1141 4030 habebitur
1207 3953 1563 4052 aequatio
1631 3949 2154 4024 differentialis
2243 3949 2467 4054 primi
2553 3953 2837 4051 gradus
2918 3954 3117 4029 inter
3179 3955 3399 4031 binas
3467 3979 3604 4030 va-

428 4081 735 4158 riabiles
798 4105 851 4182 p
919 4092 1000 4154 et
1068 4101 1162 4172 u,
1227 4084 1442 4183 cujus
1509 4075 1922 4178 integratio
1994 4079 2054 4154 si
2127 4077 2354 4152 suerit
2418 4077 2495 4152 in
2558 4093 2981 4178 potestate,
3064 4094 3149 4156 ut
3217 4106 3273 4180 p
3342 4107 3483 4181 per
3552 4107 3607 4156 u

425 3675 708 3773 duplici
774 3674 1012 3775 ipsius
1077 3721 1190 3792 --ae—
1259 3676 1527 3772 valore
1593 3675 1972 3776 colligitur

430 4216 906 4326 innotescat,
977 4227 1328 4324 aequatio
1391 4193 1669 4345 ³333:
1705 4188 1926 4362 ΡΘ-Ϋα,
2012 4224 2084 4298 in
2151 4249 2300 4320 qua
2370 4222 2779 4298 variabiles
2847 4252 2909 4300 x
2977 4237 3055 4300 et
3123 4251 3175 4301 ιι
3244 4241 3419 4304 sunt
3484 4253 3605 4308 se-

431 4389 792 4475 paratae,
859 4375 1328 4476 integretur,
1423 4368 1678 4474 sicque
1746 4399 1810 4448 x
1878 4395 2020 4470 per
2089 4395 2142 4443 ιι
2206 4371 2647 4454 definietur;
2746 4371 2943 4443 unde
3012 4371 3093 4446 fit
3158 4399 3217 4472 y
3254 4399 3375 4455 :2
3416 4403 3655 4475 ux3.

435 4545 570 4596 seu
643 4521 894 4596 statim
959 4522 1034 4596 in
1105 4525 1252 4598 hoc
1325 4521 1678 4620 integrali
1743 4520 1917 4596 loco
1991 4543 2042 4592 u
2111 4486 2494 4594 scribatur
2570 4499 2683 4634 ᾖ,
2751 4524 2827 4587 et
2879 4515 3281 4596 habebitur
3324 4547 3606 4624 aequa·

433 4670 540 4747 tio
610 4666 808 4742 inter
873 4694 934 4742 x
1001 4683 1076 4746 et
1141 4692 1198 4768 y
1261 4667 1627 4766 quaesita.
2979 4722 2987 4731 -

2857 4796 2903 4871 7
