4885 5775
1323 417 1446 500 ³4
1960 357 1968 362 ’
2439 407 2893 494 CAPUT
3022 400 3133 488 n.

1167 617 1552 698 resolutio
1620 639 1924 717 quoque
1989 623 2406 695 revocatur
2474 613 2576 690 ad
2646 611 3185 712 aequationem
3256 607 3845 688 differentialem
3912 609 4139 712 primi
4198 633 4386 714 gra.

1083 833 1094 844 ,
1187 748 1371 843 dus,
1439 748 1654 850 cujus
1719 744 2086 824 resolutio
2155 743 2220 823 si
2287 743 2521 821 fuerit
2584 741 2663 818 in
2718 751 3158 842 potestate,
3243 738 3465 818 simul
3544 739 3743 818 illius
3810 737 4182 844 integrale
4253 765 4411 834 ex·-

1175 875 1420 956 hiberi
1487 873 1803 976 poterit.

2243 1111 3091 1195 corollarium
3226 1119 3310 1190 2.

1460 1337 1669 1416 771.
1813 1328 1884 1406 Si
1967 1327 2326 1427 aequatio
2410 1328 2613 1407 inter
2674 1346 2773 1430 y,
2828 1348 2883 1422 ρ
2952 1335 3032 1400 et
3095 1349 3148 1427 q
3230 1323 3339 1403 ita
3406 1323 3637 1402 fuerit
3700 1341 4196 1426 comparata,
4302 1341 4384 1408 ut

1187 1485 1284 1538 ex
1353 1485 1450 1536 ea
1517 1459 1927 1537 commode
1992 1458 2216 1532 valor
2279 1455 2515 1562 ipsius
2584 1478 2636 1557 q
2704 1450 2877 1528 elici
2944 1463 3216 1550 queat,
3282 1451 3610 1553 hincque
3661 1481 3713 1559 q
3752 1468 4118 1555 aequetur
4156 1458 4377 1536 sunc-

1187 1587 1374 1665 tioni
1440 1588 1781 1688 ipsarum
1847 1609 1905 1684 y
1969 1595 2047 1660 et
2099 1609 2197 1684 p,
2265 1609 2463 1682 quae
2530 1581 2629 1660 sit
2693 1583 2799 1676 T,
2878 1579 3023 1656 erit
3097 1571 3696 1683 pozTBy,
3792 1610 3993 1686 quae
4059 1599 4177 1665 est
4250 1610 4379 1663 ae-

1189 1716 1455 1816 quatio
1524 1713 2053 1792 differentialis
2118 1711 2350 1812 primi
2415 1711 2703 1813 gradus
2770 1708 3113 1809 simplex.

2247 1972 3091 2057 Corollari'um
3226 1979 3307 2050 3.

1455 2213 1566 2292 77
1584 2215 1666 2286 2
1803 2204 1928 2282 Sin
1999 2214 2266 2284 autem
2325 2202 2757 2304 hujusmodi
2824 2198 3159 2278 evolutio
3226 2225 3386 2276 non
3450 2204 3865 2300 succedat,
3934 2207 4115 2282 dum
4183 2207 4385 2286 litte·

1186 2361 1282 2414 ra
1342 2359 1397 2437 q
1459 2333 1588 2409 vel
1656 2335 1757 2410 ad
1823 2333 2136 2409 altiores
2201 2342 2631 2432 potestates
2701 2331 3075 2430 exsurgit,
3143 2329 3269 2406 vel
3336 2327 3575 2430 signis
3619 2332 4084 2410 radicalibus
4136 2335 4383 2413 invol-

1188 2463 1436 2556 vitur,
1498 2459 1626 2538 vel
1692 2460 1889 2538 adeo
1955 2459 2602 2537 transcendenter
2665 2457 3130 2559 ingreditur,
3195 2456 3551 2556 aequatio
3618 2460 4149 2540 differentialis
4216 2463 4380 2561 qui·

1190 2593 1372 2668 dem
1439 2589 1586 2666 erit
1649 2587 1878 2690 primi
1945 2589 2235 2690 gradus
2301 2587 2442 2666 sed
2510 2588 3019 2689 complicata,
3121 2611 3319 2686 quae
3384 2588 3766 2666 methodis
3832 2613 4071 2692 supra
4138 2615 4377 2692 expo-

1192 2717 1357 2798 sitis
1427 2718 1574 2796 erit
1638 2719 2074 2796 tractanda.

2383 2945 2973 3025 Scholion
3118 2955 3193 3024 1.

1349 3310 1356 3317 ·
1463 3212 1508 3289 7
1530 3210 1670 3289 78.
1807 3205 2010 3283 Cum
2069 3204 2344 3303 paucis
2409 3204 2717 3285 casibus
2783 3203 3295 3304 aequationes
3344 3204 3889 3283 differentiales
3941 3207 4171 3310 primi
4204 3234 4386 3311 gra·

1193 3336 1337 3415 dus
1399 3332 1774 3435 integrari
1841 3344 2164 3431 queant,
2267 3334 2592 3412 eosdem
2652 3331 2885 3408 etiam
2952 3330 3075 3409 hic
3140 3346 3460 3411 notasse
3523 3344 3601 3409 et
3662 3358 3807 3433 per
3872 3337 4227 3437 exempla
4295 3339 4387 3414 il·

1192 3462 1564 3546 lustrasse
1619 3460 1946 3563 juvabit.
2041 3460 2360 3543 Interim
2423 3484 2617 3538 vero
2686 3469 2765 3535 et
2826 3456 3170 3561 reliquos
3239 3482 3473 3537 casus
3540 3459 3760 3559 quasi
3822 3464 4119 3541 solutos
4156 3488 4389 3566 spec·
4491 3448 4501 3455 ⁵

1193 3590 1348 3668 tari
1415 3589 1814 3683 convenit,
1881 3590 2503 3689 quandoquidem
2562 3587 2647 3665 in
2708 3588 3294 3687 aequationibus
3345 3586 3975 3669 differentialibus
4028 3592 4390 3679 altiorum

1197 3718 1554 3797 ordinum
1637 3717 1718 3795 id
1795 3716 2280 3819 potissimum
2361 3715 2845 3795 desideratur
2923 3734 3011 3791 ut
3092 3740 3364 3793 earum
3428 3716 3798 3796 resolutio
3868 3720 3967 3793 ad
4036 3721 4386 3799 ordinem

1193 3848 1636 3925 inferiorem
1701 3846 2145 3924 reducatur.
2280 3844 2662 3946 Perpetuo
2744 3844 2947 3922 enim
3032 3843 3112 3919 in
3191 3844 3507 3944 Analysi
3572 3870 3771 3945 quae
3839 3830 4107 3925 ordine
4174 3863 4386 3926 trac-

1197 3973 1506 4054 tationis
1571 3975 2096 4075 praecedunt,
2157 3986 2524 4073 tanquam
2586 3972 2893 4074 penitus
2960 3973 3325 4053 confecta
3388 3972 3729 4073 spectari
3760 3974 4047 4069 solent,
4115 3976 4385 4054 etiam-

1197 4100 1268 4183 si
1325 4102 1666 4205 plurium
1725 4104 1980 4178 adhuc
2045 4100 2618 4198 desiderentur,
2684 4111 2768 4177 ut
2830 4104 2983 4181 hoc
3046 4102 3285 4179 modo
3330 4099 3733 4178 multitudo
3774 4101 4386 4182 desideratorum

1197 4230 1690 4317 &minuatum
1823 4230 1950 4310 Ita
2013 4229 2372 4329 quamvis
2429 4230 2670 4331 longe
2730 4230 2985 4309 adhuc
3066 4230 3307 4325 absit,
3408 4228 3815 4328 quominus
3880 4234 4385 4331 aequationes

1199 4359 1686 4463 algebraicas
1785 4358 2126 4435 omnium
2212 4356 2567 4433 ordinum
2649 4358 3047 4435 resolvere
3125 4357 3562 4454 valeamus,
3662 4360 3850 4434 dum
3916 4360 4111 4439 adeo
4178 4362 4391 4439 vires

1195 4500 1518 4565 nostrae
1577 4509 1740 4562 non
1805 4485 2010 4561 ultra
2075 4496 2434 4584 quartum
2500 4486 3055 4578 extenduntur,
3119 4494 3381 4565 tamen
3446 4485 3524 4561 in
3592 4486 3907 4585 Analysi
3965 4487 4386 4565 sublimiori

1171 4615 1534 4692 »mnium
1617 4611 1938 4689 istarum
2035 4608 2583 4709 aequationum
2676 4613 3223 4693 resolutionem
3320 4638 3471 4717 pro
3572 4614 3889 4715 cognita
3936 4617 4381 4702 ,habemus-

1197 4740 1436 4838 Quod
1499 4739 1736 4825 etiam,
1793 4763 1938 4817 usu
1998 4763 2162 4820 non
2225 4762 2489 4836 caret,
2570 4764 2761 4825 cum.
2808 4739 2889 4821 in
2952 4742 3181 4843 praxi
3238 4742 3613 4823 resolutio
3674 4764 3822 4842 per
3888 4743 4385 4845 approxima·
