4885 5775
1396 334 1514 423 Aa
2480 332 2943 415 «CAPUT
3064 328 3223 410 m.

1266 539 1460 645 gulis
1518 538 2004 643 aequationis
2061 538 2411 619 terminis
2472 538 2679 614 idem
2740 536 3045 615 oriatur
3106 530 3663 610 dimensionum
3726 552 4127 607 numerus.
4206 525 4458 605 Vicis-

1265 668 1410 747 sim
1475 694 1668 774 ergo
1732 669 2034 770 quoties
2099 670 2306 747 haee'
2359 666 2807 770 proprietas
2868 664 2949 739 in
3018 662 3471 759 aequatione
3532 660 3737 736 inter
3765 672 4185 757 quaternas
4209 680 4458 757 quau-

1267 795 1528 877 titates
1590 824 1702 895 ω,
1756 818 1860 899 y,
1924 822 1978 897 p
2044 819 2126 873 et
2189 774 2252 900 q.
2313 795 2717 898 proposita
2775 790 3447 893 deprehenditur,
3506 814 3611 864 ea
3680 787 4037 888 aequatio
4098 785 4257 863 erit
4314 786 4459 859 ho·

1265 948 1650 1029 mogenea
1705 943 1796 1007 et
1855 927 2112 1005 forma
2175 924 2479 1029 vulgari
2558 945 2937 1025 expressa
3012 917 3427 996 manifesto
3489 915 4195 1017 homogeneitatem
4256 936 4453 1015 prae

1265 1074 1351 1133 se
1421 1053 1648 1133 seret.

2315 1250 3160 1332 Corollarium
3299 1264 3379 1328 1.

1533 1498 1738 1579 791.
1873 1493 1951 1571 si
2038 1519 2238 1597 ergo
2335 1492 2419 1570 in
2500 1489 2958 1591 aequatione
3032 1488 3173 1566 tali
3248 1492 3743 1591 homogenea
3798 1484 4006 1561 inter
4068 1512 4177 1580 x,
4240 1507 4340 1583 y.
4392 1508 4454 1582 p

1266 1648 1350 1715 et
1411 1660 1466 1741 q
1523 1649 1911 1717 statuatur
1974 1663 2186 1740 y:
2220 1665 2273 1715 ιι
2307 1666 2373 1715 x
2429 1654 2516 1719 -et
2578 1666 2637 1745 q
2673 1661 2798 1718 Ξ
2834 1624 2953 1759 ΖΞ,
3018 1660 3288 1715 omnes
3344 1636 3657 1715 termini
3716 1635 4049 1712 eandem
4106 1646 4455 1735 potesta-

1253 1776 1429 1871 ‚tem'
1489 1784 1730 1887 ipsius
1795 1815 1862 1864 x
1923 1756 2476 1883 continebunt,
2544 1814 2696 1887 qua
2762 1815 2957 1891 ergo
3020 1810 3170 1885 per
3228 1785 3686 1862 divisionem
3745 1788 4094 1881 sublata,
4155 1810 4455 1889 nequa·

1233 1909 1370 1993 'tio
1431 1914 1776 2015 prodibit
1836 1931 2000 1993 tres
2067 1930 2364 1995 tantum
2431 1919 2839 1995 variabiles
2900 1942 3002 2015 u,
3063 1941 3116 1991 ,υ
3174 1928 3261 1991 -et
3308 1938 3373 2015 p
3430 1912 3864 1991 involvens,

2327 2174 3171 2252 Corollarium
3306 2182 3389 2253 2.

1531 2434 1744 2512 792.
1877 2427 2300 2507 ‘criterium
2385 2432 2622 2536 igitur
2699 2403 3187 2529 aequationis
3258 2431 3795 2529 homogeneae
3856 2428 4061 2507 inter
4114 2446 4455 2531 quatuor

1259 2554 1730 2654 quantitates
1793 2586 1902 2654 x,
1963 2582 2062 2657 y,
2117 2583 2174 2657 p
2255 2574 2334 2639 et
2411 2589 2463 2661 q
2546 2559 3000 2661 propositae
3096 2557 3179 2633 in
3267 2560 3423 2634 hoe
3514 2556 3915 2658 consistit,
4012 2574 4097 2634 ut
4190 2562 4451 2662 posito
4536 2638 4543 2647 ,

1255 2718 1324 2801 y
1355 2724 1567 2784 :u
1597 2728 1664 2782 x
1724 2716 1807 2784 et
1871 2730 1924 2808 q
1960 2728 2084 2785 Ζ
2121 2690 2232 2825 Ξ,
2303 2712 2694 2811 quantitas
2758 2735 2829 2783 x
2890 2730 3218 2809 prorsus
3278 2730 3383 2782 ex
3442 2704 3746 2783 calculo
3806 2707 4379 2789 exterminetur.

2329 2987 3173 3064 corollarium
3304 2995 3395 3062 3.

1534 3199 1748 3279 ⁷93.
1873 3201 2118 3278 Facta
2182 3199 2439 3297 itaque
2503 3200 2652 3277 hae
2728 3197 3307 3294 substitutione,
3398 3223 3561 3298 qua
3646 3195 4029 3273 obtinetur
4090 3201 4450 3299 aequatio

1261 3315 1465 3398 inter
1526 3331 1791 3402 ternas
1861 3327 2333 3425 quantitates
2402 3351 2501 3423 ιι,
2569 3353 2616 3403 υ
2684 3341 2763 3404 et
2819 3353 2917 3428 p,
3012 3351 3117 3405 ex
3201 3351 3293 3401 ea
3359 3351 3505 3424 pro
3572 3325 3812 3400 lubitu
3878 3324 4002 3398 vel
4061 3349 4118 3424 p
4188 3353 4331 3426 per
4396 3353 4455 3406 ιι

1265 3458 1348 3524 et
1410 3473 1502 3546 v,
1568 3453 1692 3532 vel
1757 3479 1806 3530 v
1875 3477 2018 3554 per
2081 3481 2139 3532 u
2197 3469 2282 3532 et
2337 3479 2432 3555 p,
2497 3455 2621 3530 vel
2682 3479 2743 3530 u
2804 3481 2953 3556 per
3017 3480 3065 3532 v
3132 3468 3211 3530 et
3262 3477 3323 3554 p
3386 3451 3688 3529 definiri
3750 3453 4067 3554 poterit.

2532 3688 3138 3776 Scholion,

1539 3927 1750 4010 794.
1885 3926 2118 4004 Simili
2179 3929 2416 4005 modo
2479 3929 2733 4006 ideam
2800 3927 3445 4030 homogeneitatis
3508 3927 3589 4004 in
3658 3929 4238 4028 aequationibus
4301 3931 4449 4008 dif-

1269 4052 2263 4136 ferentio-differentialibus
2329 4057 2905 4150 constituimus,
2974 4082 3126 4158 quo
3192 4057 3269 4133 in
3338 4055 3920 4155 aequationibus
3976 4057 4452 4136 differentia·

1271 4181 1462 4258 lib'us
1541 4181 1770 4284 primi
1833 4186 2121 4286 gradus
2159 4189 2446 4264 ‘sumus
2528 4187 2669 4264 usi.
2838 4186 2926 4260 In
3010 4185 3125 4260 his
3212 4185 3559 4284 quidem,
3654 4210 3829 4261 cum
3912 4187 4450 4264 differentialis

1271 4333 1566 4410 sponte·
1621 4314 1948 4388 eundem
2015 4312 2570 4391 dimensionum
2635 4337 3039 4391 numerum
3108 4313 3573 4392 constituere
3640 4313 4011 4410 debeant,
4078 4317 4449 4417 homoge-

1273 4439 1525 4517 neitas
1588 4465 1682 4515 ex
1747 4438 1934 4518 solis
1999 4441 2184 4542 ipsis
2251 4441 2755 4520 variabiiibus
2815 4467 2880 4517 x
2948 4454 3025 4517 et
3087 4465 3143 4541 y
3210 4441 3700 4546 dijudicatur.
3852 4445 3949 4517 At
4014 4441 4087 4516 in
4157 4467 4447 4543 aequa·

1271 4566 1602 4646 tionibus
1697 4567 2136 4668 differentio
2175 4611 2208 4629 ·
2244 4569 2875 4648 differentialibus
2974 4587 3288 4670 praeter
3368 4571 3580 4668 ipsas
3648 4569 4053 4644 variabiles
4122 4595 4187 4644 x
4251 4586 4329 4648 et
4392 4593 4448 4670 y

1275 4695 1508 4768 etiam
1573 4695 1870 4773 litterae
1952 4723 2002 4797 q
2068 4696 2263 4776 ratio
2335 4699 2409 4775 in
2481 4711 2839 4798 computo
2908 4697 3465 4777 dimensionum
3532 4697 3792 4770 haberi
3850 4698 4120 4789 debet,
4192 4699 4291 4774 ita
4331 4719 4446 4776 ta·
