4885 5775
1367 372 1504 458 ,96
2395 412 2412 421 ·
2505 369 2948 447 CAPUT
3038 368 3207 483 ..βλ

2562 572 3148 649 Scholion.

1531 776 1740 856 ⁸64.
1875 774 2294 852 Methodus
2379 774 2735 875 quahic
2816 774 2929 850 usi
3006 799 3339 868 sumus,
3439 776 3863 879 hujusmodi
3946 776 4442 875 aequationes

1267 903 1815 981 differentiales
1883 904 2376 1003 integrandi,
2480 904 2681 979 haud
2766 902 2950 979 satis
3018 904 3389 979 naturalis
3459 905 3795 997 videtur,
3896 930 4068 979 cum
4138 907 4233 979 ad
4305 908 4474 993 has,

1267 1032 1484 1131 quasi
1551 1032 1758 1107 solas
1827 1028 2118 1121 forma‘s
2183 1032 2278 1107 sit
2352 1032 2741 1109 adstricta.
2880 1030 3268 1121 Quoniam
3367 1032 3593 1133 igitur
3690 1033 3765 1107 in
3866 1032 4445 1131 aequationibus

1260 1160 1898 1261 differentialibus
1988 1159 2214 1257 primi
2301 1162 2587 1261 gradus
2656 1158 2994 1233 inventio
3068 1160 3487 1253 sactorum,
3564 1163 3858 1257 quibus
3940 1185 4081 1237 eae
4147 1184 4291 1257 per
4359 1182 4445 1235 se

1254 1288 1749 1389 integrabiles
1819 1288 2274 1381 reddantur,
2343 1288 2719 1389 insignem
2796 1288 3129 1360 fructum
3169 1286 3509 1385 polliceri
3546 1289 3983 1384 videbatur,
4053 1290 4214 1390 ejus
4253 1311 4444 1385 quo·

1261 1442 1407 1515 que
1473 1440 1690 1493 usum
1759 1416 1836 1491 in
1907 1416 2490 1513 aequationibus
2579 1412 3206 1490 differentialibus
3292 1416 3627 1489 secundi·
3676 1418 3972 1525 gradus
4034 1418 4448 1493 ostendere

1267 1568 1657 1620 conemur.
1793 1544 1944 1620 Hie
2012 1544 2316 1640 quidem
2385 1544 2569 1618 nihil
2637 1554 2793 1616 tam
2860 1544 3287 1617 absolutum
3356 1557 3767 1642 expectare
3818 1520 4031 1639 licet,
4104 1546 4307 1645 quod
4353 1545 4454 1617 ad

1269 1696 1540 1749 omnes
1609 1672 1918 1749 omnino
1991 1672 2525 1777 aequationum
2602 1671 2893 1743 formas
2932 1684 3232 1768 pateat,
3300 1674 3437 1745 sed
3474 1672 3911 1769 quantillum
3952 1675 4179 1749 etiam
4222 1699 4451 1772 prae-

1270 1814 1478 1875 stare
1533 1799 2088 1896 potuerimus,
2199 1799 2276 1873 id
2369 1802 2569 1875 haud
2656 1786 3299 1872 contemnendum
3396 1802 3823 1898 Analyseos
3892 1802 4451 1877 incrementum

1273 1928 1611 2024 spectari
1678 1928 2012 2005 debebit.
2179 1928 2354 2008 Hae
2425 1942 2679 2031 autem
2749 1926 3111 1999 methodo
3202 1949 3333 2001 eas
3401 1929 3881 2027 potissimum
3954 1932 4454 2027 aequationes

1281 2058 1866 2147 differentiale8‚
1929 2054 2040 2127 'in
2112 2054 2385 2151 quibus
2424 2032 2700 2129 'altera
2782 2052 3167 2127 variabilis
3233 2078 3291 2151 y
3356 2082 3531 2131 oum
3600 2058 3751 2132 suis
3818 2058 4455 2133 differentialibus

1270 2209 1505 2261 unam
1551 2184 2120 2259 ·-dimensione1n
2187 2208 2566 2281 nusquam
2632 2164 3231 2279 transgreditur,
3334 2184 3517 2260 satis
3616 2190 4015 2261 commode
4115 2202 4461 2261 tractare

1279 2311 1499 2405 licet,
1570 2312 1896 2409 hincque
1963 2310 2086 2387 via
2154 2311 2705 2411 perspicietur,
2780 2310 3163 2407 quomodo
3235 2337 3408 2387 eam
3474 2315 3719 2414 magis
3766 2314 4008 2389 excoli
4064 2330 4457 2413 oporteat.

2276 2656 3455 2709 “me—-
