4885 5775
1433 867 1446 878 ·
1527 815 2226 932 CAPUT
2353 824 2552 933 ΠΙ.

1959 1063 2122 1122 DE

447 1249 1292 1350 AEQUATIONIBUS
1374 1249 2079 1338 DIFFERENTIO
2117 1293 2149 1310 -
2183 1251 3187 1332 DIFFERENTIALIBUS
3272 1257 3633 1340 HOMO-

531 1423 956 1520 GENEIS,
1015 1424 1146 1502 ET
1214 1423 1498 1522 QUAE
1563 1421 1707 1499 AD
1775 1421 2001 1499 EAM
2066 1423 2528 1502 FORMAM
2596 1425 2997 1505 REDUCI
3064 1425 3549 1516 POSSUNT.

1581 1721 2209 1804 Problema
2343 1735 2495 1811 97.

1933 2005 2140 2080 790.

439 2139 1058 2272 Aequationum
1126 2167 2212 2247 differentio·differentialium
2280 2172 2936 2270 homogenearum
2982 2161 3357 2251 'naturam
3388 2175 3631 2276 expli·

443 2349 671 2417 care,
741 2337 970 2420 atque
1043 2321 1140 2398 ad
1207 2323 1542 2396 formam
1604 2317 1894 2394 finitam
1941 2321 2308 2419 ponendo
2374 2311 2795 2419 331:pr
2862 2337 2939 2400 et
3003 2316 3427 2428 311:qu
3492 2350 3627 2403 gc..

443 2451 978 2531 commodata

1776 2646 2283 2760 Soluti'o,

707 2887 973 2971 Sumto
1039 2892 1416 2968 elemento
1485 2881 1620 2973 ὒω
1689 2904 2135 2985 constante,
2202 2892 2555 2991 aequatio
2627 2887 3627 2975 differentio-differentialis

439 3022 736 3126 vulgari
807 3024 1040 3099 modo
1111 3042 1490 3119 expressa·
1549 3016 1822 3094 dieitur
1888 3023 2416 3117 homogenea,
2486 3018 2547 3093 si
2616 3044 2771 3094 non
2841 3022 3085 3096 solum
3140 3022 3322 3119 ipsis
3368 3022 3626 3098 varia-

438 3152 714 3229 bilibus
780 3180 856 3249 x,
913 3166 989 3225 et
1053 3174 1155 3247 y,
1233 3148 1371 3223 sed
1456 3146 1688 3223 etiam
1771 3171 2037 3221 earum
2119 3145 2752 3221 differentialibus
2822 3147 2957 3236 3:12
3026 3160 3105 3224 et
3171 3140 3335 3246 by,
3402 3150 3623 3227 item.

442 3306 592 3380 que
659 3279 802 3377 ipsi
872 3270 1107 3375 ὂῧῃ,
1179 3272 1492 3375 singuiis
1560 3299 1791 3348 unam
1859 3272 2414 3350 dimensionem
2485 3274 2927 3367 tribuendo,
3000 3300 3266 3353 omnes
3336 3300 3623 3377 aequa»

441 3408 676 3484 tionis
735 3407 1039 3483 termini
1106 3406 1432 3482 eundem
1531 3401 2090 3480 dimensionum
2171 3426 2571 3479 numerum
2659 3400 3152 3499 contineant,
3244 3404 3478 3481 veluti
3543 3398 3625 3483 in

439 3543 588 3615 hac
658 3532 1144 3636 aequatione·

834 3680 2508 3803 aeoeaby÷aebx²÷yby²:o·,

443 3878 567 3953 ubi
637 3878 712 3951 in
779 3874 1088 3975 singulis
1157 3872 1498 3949 terminis
1567 3884 1834 3947 ternae
1906 3876 2160 3951 Insunt
2225 3872 2772 3953 dimensiones.
2873 3872 3173 3967 Quodsi
3238 3898 3430 3977 ergo
3472 3902 3613 3974 po-

441 4048 711 4101 namus
777 3987 883 4143 }{
917 4040 1039 4097 ἴ...-
1065 4046 1161 4120 ρ,
1226 4047 1316 4096 ac
1385 3983 1488 4141 g}
1519 4044 1644 4099 z
1670 3984 1826 4137 }}³3'
1857 4039 1979 4095 Ξ
2017 4045 2110 4123 q,
2209 4020 2466 4097 littera
2540 4046 2594 4121 p
2661 4021 2949 4097 nullam
3016 4012 3611 4118 dimensionem,

441 4171 694 4247 littera
758 4192 948 4246 vero
1017 4194 1066 4269 ᾳ
1131 4196 1364 4245 unam
1443 4167 2001 4246 dimensionem
2083 4168 2523 4269 negativam
2604 4167 3003 4245 continere
3084 4167 3229 4245 erit
3292 4192 3613 4247 censen-

445 4302 567 4375 da.
705 4301 908 4374 Hinc
977 4299 1328 4395 aequatio
1398 4294 2394 4374 differentio-differentialis
2462 4297 2561 4373 ad
2626 4300 2959 4373 formam
3024 4296 3149 4373 hic
3214 4310 3615 4399 receptam
3764 4310 3771 4313 ’

441 4428 808 4521 reducta,
870 4440 952 4501 ut
1013 4426 1320 4503 nonnisi
1384 4425 1848 4523 quantitates
1911 4424 2161 4501 finitas
2227 4450 2332 4520 x,
2395 4452 2492 4525 y,
2551 4452 2606 4525 p
2674 4438 2753 4503 et
2815 4450 2868 4528 q
2934 4425 3372 4519 contineat,
3467 4426 3615 4501 erit

441 4559 960 4657 homogenea,
1027 4554 1092 4631 si
1155 4554 1424 4630 litteris
1488 4578 1552 4627 ω
1614 4566 1696 4629 et
1755 4562 1814 4651 y
1879 4577 2108 4629 unam
2177 4552 2729 4631 dimensionem
2800 4554 3244 4647 tribuend0‚
3310 4553 3611 4629 litterae

434 4708 492 4778 p
561 4707 772 4785 vero,
818 4684 1140 4779 nullam,
1212 4697 1291 4759 at
1359 4680 1654 4757 litterae
1735 4707 1786 4782 q
1853 4706 2082 4759 unam
2149 4682 2705 4759 dimensionem
2765 4682 3243 4785 negativam,
3310 4681 3388 4755 in
3452 4680 3607 4757 sin·
