4885 5775
1331 444 1380 516 4
2393 421 2859 504 CAPUT
2986 421 3057 498 1.

2255 625 3095 708 Corollarium
3232 631 3316 702 3.

1467 859 2234 952 '109Methodus
2301 883 2489 960 ergo
2573 855 3101 950 desideratur,
3198 853 3599 954 proposita
3670 845 4131 951 aequatione
4195 873 4387 950 qua-

1205 1031 1509 1119 cunque
1574 1022 1892 1115 praeter
1970 1010 2194 1087 binas
2275 1003 2688 1080 variabiles
2756 1029 2821 1078 x
2890 1015 2967 1078 et
3030 1024 3127 1100 y,
3230 1001 3461 1076 etiam
3534 997 4009 1097 quantitates
4066 963 4389 1118 ρΣΞ-Ξ

1197 1200 1278 1266 et
1343 1139 1688 1298 <7:3AE
1754 1177 2239 1267 involvente,
2305 1171 2742 1248 inveniendi
2808 1167 3261 1245 relationem
3324 1165 3525 1243 inter
3590 1168 3797 1269 ipsas
3863 1195 3929 1243 x
3976 1179 4053 1245 et
4098 1193 4178 1268 y,
4248 1195 4388 1248 un·

1200 1331 1296 1408 de
1361 1339 1670 1433 pateat,
1737 1325 1984 1426 qualis
2051 1341 2110 1421 y
2174 1320 2271 1398 sit
2336 1319 2625 1396 functio
2692 1317 2929 1420 ipsius
2998 1341 3102 1408 x,
3171 1337 3311 1390 scu
3378 1311 3741 1394 vicissim.

3940 1478 3991 1492 .-

2391 1545 2975 1625 Scholion
3123 1552 3199 1620 1.

1471 1781 1682 1857 710.
1822 1769 2006 1844 Hoc
2085 1766 2322 1843 modo
2413 1762 2743 1839 litteram
2812 1785 2862 1860 q
2931 1756 3497 1836 introducendo
3580 1759 4081 1859 aequationes
4166 1758 4385 1836 diffe-

1198 1895 2100 1984 renuo-differentiales
2169 1920 2215 1972 a
2297 1891 2741 1970 conditione
2824 1887 3009 1979 illa,
3110 1913 3259 1987 qua
3362 1888 3777 1988 quodpiam
3876 1886 4389 1964 differentiales

1199 2035 1428 2138 primi
1497 2028 1814 2133 gradus
1847 2049 1995 2125 pro
2065 2034 2472 2100 constante
2542 2017 2825 2094 assumi
2893 2015 3129 2107 solet,
3198 2014 3649 2093 libelmantur
3784 2017 3979 2091 Cum
4050 2017 4253 2092 enim
4282 2017 4386 2091 ad

1195 2185 1458 2242 meras
1535 2154 2006 2258 quantitates
2089 2151 2343 2228 finitas
2423 2160 2932 2237 revocentur,
3028 2169 3227 2239 quae
3307 2146 3689 2222 rationem
3770 2142 4387 2220 differentialium

1197 2292 1427 2397 primi
1495 2287 1812 2391 gradus
1848 2279 2324 2380 exprimunt,
2423 2271 2942 2352 consideratio
3012 2271 3547 2350 differentialis
3616 2272 4043 2348 constantis
4109 2297 4207 2348 ne
4276 2273 4386 2350 lo·

1195 2446 1370 2502 curn
1441 2416 1748 2518 quidem
1813 2412 2101 2486 habere
2167 2418 2455 2508 potest.
2624 2404 2957 2496 Quando
3054 2425 3139 2474 ei
3144 2427 3245 2503 go
3322 2400 3825 2500 aequationes
3912 2399 4387 2478 differentio-

1083 2573 1096 2582 ·
1195 2543 1748 2632 differentiales
1847 2563 2068 2614 more
2150 2535 2376 2614 solito
2447 2532 2553 2609 ita
2618 2530 3115 2622 exhibentur,
3213 2549 3301 2605 ut
3395 2527 3817 2630 quodpiam
3885 2529 4388 2606 differentiale

1195 2709 1566 2782 constans
1669 2691 1768 2770 sit
1866 2703 2332 2772 assumtum,
2422 2677 2985 2756 introducendo
3070 2673 3359 2754 litteras
3418 2702 3473 2776 p
3505 2639 3769 2793 εἰῇ-Ξ
3836 2688 3919 2752 et
3982 2700 4189 2779 q:
4226 2643 4387 2799 ἐξ,

1195 2845 1496 2950 species
1563 2829 2180 2916 differentialium
2248 2824 2553 2929 penitus
2619 2823 2953 2917 tollitur,
3040 2819 3216 2893 dum
3288 2821 3649 2921 aequatio
3718 2836 4016 2901 tautum
4084 2827 4386 2925 quanti·-

1194 2990 1394 3055 tates
1461 2970 1714 3047 linitas
1783 2957 2341 3061 complectitur.
2476 2953 2722 3053 Atque
2806 2950 3036 3026 etiam
3124 2948 3460 3026 vIcissim
3526 2952 3923 3050 ptoposita
3995 2956 4385 3053 aequatio-

1191 3132 1291 3183 ne
1361 3104 1560 3179 inter
1627 3092 2091 3195 quantitates
2159 3085 2408 3160 finitas
2474 3108 2580 3178 τε,
2644 3103 2740 3181 y,
2800 3104 2899 3179 p,
2969 3102 3060 3181 q,
3118 3100 3226 3154 ea
3292 3080 3395 3155 ad
3458 3080 3789 3155 sormam
3840 3083 4289 3184 vulgarem
4272 3109 4386 3159 in

1191 3232 1422 3311 finitis
1489 3224 1740 3303 modis
1809 3215 2074 3295 reduci
2141 3225 2438 3316 potest,
2525 3221 2754 3309 prout
2822 3207 3027 3283 aliud
3096 3220 3325 3305 atque
3392 3207 3592 3283 aliud
3662 3208 4171 3288 differentiale
4242 3238 4389 3313 pro

1191 3354 1600 3440 constante
1671 3346 2116 3439 assumitur,
2215 3354 2414 3441 quae
2484 3352 2742 3415 tamen
2814 3350 3089 3411 omnes·
3154 3336 3454 3411 formae
3520 3336 3781 3437 specie
3848 3338 4200 3416 diversae
4271 3342 4381 3417 in-

1187 3504 1306 3568 ter
1374 3509 1458 3562 se
1527 3480 1875 3582 perfecte
1943 3464 2450 3564 conveniunt,
2548 3467 2730 3565 quin
2814 3461 3046 3539 etiam
3129 3463 3334 3539 nullo
3421 3462 3909 3543 differentiali
3976 3484 4387 3547 constante

1191 3626 1534 3695 assumto
1601 3605 1938 3689 evolutio
2003 3602 2084 3679 in
2156 3601 2491 3677 sormam
2557 3593 2861 3671 solitam
2926 3589 3092 3669 fieri
3158 3603 3441 3695 potest.

2369 3830 2961 3913 Scholion
3095 3840 3279 3917 2.,

1458 4097 1669 4178 711.
1798 4081 2132 4159 Primum
2190 4077 2430 4182 igitur
2496 4075 2838 4155 breviter
2905 4071 3189 4173 exponi
3256 4072 3712 4170 conveniet,
3792 4078 4185 4176 quomodo
4252 4103 4387 4155 ae·

1191 4225 1454 4331 quatio
1522 4241 1740 4297 more
1809 4211 2034 4289 solito
2105 4234 2248 4309 per
2316 4204 2859 4283 differentialia
2924 4201 3243 4279 secundi
3310 4203 3597 4304 gradus
3666 4228 4035 4306 expressa
4086 4210 4186 4284 ad
4228 4208 4383 4283 sor-

1184 4383 1392 4437 mam
1459 4362 1806 4429 nostram
1874 4337 2140 4415 reduci
2207 4354 2467 4435 queat,
2564 4334 3096 4433 quodcunque
3142 4328 3655 4408 differentiaie
3724 4346 4093 4412 constans
4158 4335 4387 4411 fuerit

1189 4494 1635 4566 assumtum.
1773 4468 1882 4547 sit
1944 4460 2058 4549 bs
2124 4470 2272 4542 hoc
2341 4462 2851 4542 differentiale
2946 4480 3101 4559 pro
3198 4471 3609 4537 constante
3698 4474 4067 4557 sumtum,
4168 4466 4385 4567 cujus

1183 4658 1374 4735 ergo
1442 4621 1646 4703 ratio
1711 4614 1814 4691 ad
1879 4608 2047 4710 bx,
2117 4616 2220 4693 ob
2285 4576 2683 4734 ἕζετ’-ρ,
2784 4632 2928 4713 per
3000 4626 3061 4703 p
3126 4622 3207 4678 et
3290 4602 3493 4685 forte
3560 4606 3773 4709 ipsas
3842 4607 4253 4686 variabiles
4318 4634 4385 4685 x

1189 4800 1269 4860 et
1331 4801 1390 4879 y
1453 4774 1724 4860 datur3
1822 4776 2161 4867 ponatur
2249 4788 2441 4867 ergo
2550 4760 2805 4855 bs:
2819 4747 3063 4861 υόω,
3159 4768 3245 4837 ut
3324 4779 3373 4836 v
3458 4754 3591 4831 fiat
3670 4752 4057 4855 quantitas
4146 4755 4383 4835 finita.
