4885 5775
1727 402 2179 484 cunr
2293 402 2410 514 11.
3023 338 3031 345 ⁹
3317 414 3487 485 asi

459 594 850 711 principiis
917 586 1176 687 tamen
1239 595 1788 713 integrationis
1835 586 2145 685 omnino
2211 608 2607 685 abhorret.
2742 607 2937 685 Cum
3002 603 3205 683 enim
3270 608 3625 707 aequatio

463 736 992 813 differentialis
1085 734 1214 815 est'
1299 738 1589 816 altioris
1671 725 1998 837 gr'adus,
2105 736 2318 837 leges
2405 734 2937 837 integrationis
3013 736 3443 834 postulant,
3543 746 3629 808 ut

459 861 686 941 toties
749 861 1070 941 seorsim
1113 862 1578 965 integretur,
1661 875 2070 965 antequam
2118 864 2216 938 ad
2282 862 2733 939 relationem
2800 861 3085 936 finitam
3146 860 3347 937 inter
3406 859 3625 937 binas

459 987 876 1067 variabiles
973 991 1507 1088 perveniatur,
1609 1005 1694 1069 et
1783 991 1966 1065 dum
2061 988 2404 1091 singulae
2499 988 3051 1093 integrationes
3148 998 3625 1065 constantem

463 1114 950 1193 arbitrariam
1014 1118 1434 1219 recipiunt,
1527 1120 1680 1195 hoe
1745 1121 2052 1194 demum
2119 1117 2354 1191 modo
2421 1116 2799 1217 integrale
2878 1115 3347 1213 completum
3420 1112 3625 1189 obti-

452 1255 700 1319 netur.
831 1244 1230 1322 Hactenus
1313 1258 1565 1321 autem
1644 1268 1796 1321 una
1880 1241 2096 1341 quasi
2179 1244 2632 1343 operatione
2712 1242 3088 1345 integrale
3152 1262 3631 1343 postremum

459 1369 838 1467 eruimus,
904 1395 1078 1447 eum
1145 1369 1494 1447 omnibus
1560 1368 2126 1461 constantibus,
2225 1368 2501 1466 quibus
2564 1370 2643 1445 id
2707 1372 3177 1471 completum
3238 1367 3627 1453 redditur,-

459 1514 742 1573 revera
824 1496 1112 1573 scilicet
1190 1498 1358 1574 sola
1436 1496 1884 1595 conjectura
1965 1508 2266 1571 utentes
2305 1476 2571 1595 'plura
2650 1495 3054 1596 integralia
3132 1490 3628 1595 particularia

459 1646 722 1701 sumus
791 1620 1088 1719 adepti,
1189 1638 1412 1721 atque
1491 1634 1770 1698 natura
1854 1622 2330 1721 aequationis
2413 1626 2820 1700 commode
2900 1620 3289 1723 permisit,
3382 1632 3467 1695 ut
3529 1642 3630 1695 ex

455 1748 547 1825 iis
612 1749 984 1849 integrale
1055 1750 1529 1849 completum
1597 1751 1938 1825 formare
2004 1750 2296 1824 liceret.
2444 1744 2727 1825 Verum
2790 1750 2855 1825 si
2918 1750 3133 1851 leges
3198 1744 3627 1848 integrandi

463 1875 726 1952 stricte
810 1878 1228 1952 observare
1307 1874 1662 1969 velimus,
1762 1876 2168 1977 proposita
2237 1873 2447 1953 verbi
2530 1876 2779 1977 gratia·
2862 1876 3322 1976 aequatione
3406 1873 3628 1947 diffe-

453 2002 754 2078 rentiali
836 2002 1085 2099 quarti
1140 2002 1494 2105 gradus,
1593 2001 2072 2101 quadruplici
2139 2000 2649 2101 integratione
2734 2026 2935 2100 opus
3018 2004 3201 2095 erit,
3298 2022 3626 2099 quarum

452 2128 705 2229 prima
801 2154 897 2204 ea
997 2128 1410 2205 reducatur
1503 2130 1603 2203 ad
1713 2128 2244 2225 aequationem
2343 2124 2953 2205 differentialem'
3018 2129 3219 2229 tertii
3316 2126 3629 2229 gradus,

451 2268 618 2331 tum
682 2278 870 2330 vero
940 2254 1084 2331 ista
1148 2281 1292 2355 per
1359 2278 1637 2331 novam
1715 2256 2302 2355 integrationem
2381 2257 2481 2331 ad
2546 2257 3084 2355 aequationem
3161 2251 3628 2331 differentia-

455 2383 605 2455 lem
673 2381 990 2457 secundi
1055 2384 1382 2483 graduS,
1449 2408 1649 2479 quae
1719 2383 1972 2459 denuo
2037 2381 2421 2482 integrata
2490 2384 2588 2459 ad
2656 2386 2979 2485 gradum
3050 2382 3379 2480 primum
3443 2402 3625 2479 per-

451 2508 820 2599 ducatur,
883 2510 1224 2606 haecque
1273 2509 1584 2585 tandem
1634 2508 1908 2585 iterum
1975 2508 2356 2611 integrata
2421 2512 2873 2587 relationem
2944 2510 3369 2611 quaesitam
3427 2506 3627 2582 inter

453 2631 678 2709 binas
743 2632 1150 2713 variabiles
1213 2634 1654 2735 patefaciat.
1783 2637 2030 2733 Atque
2089 2640 2234 2715 hoc
2299 2638 2535 2716 modo
2603 2637 2835 2717 etiam
2900 2637 3438 2741 aequationum
3502 2632 3629 2711 hic

455 2774 956 2836 tractatarum
1039 2762 1364 2837 sormam
1443 2763 1834 2839 resolvere
1901 2763 2122 2859 licet,
2217 2777 2302 2840 ut
2368 2790 2520 2866 per
2594 2746 2994 2844 continuas
3073 2746 3624 2867 integrationes

456 2886 558 2962 ad
639 2889 924 2988 gradus
1009 2887 1514 2988 simpliciores
1573 2893 2008 2993 redigatur,
2108 2892 2376 2992 quibus
2456 2897 2767 2971 tandem
2843 2896 3119 2980 eadem
3198 2887 3625 2992 integralia,

449 3033 650 3109 quae
717 3013 838 3090 hie
905 3013 1336 3106 elicuimus,
1430 3013 1937 3095 inveniantur.
2071 3021 2266 3095 Cum
2341 3034 2589 3096 autem
2659 3022 2851 3096 haec
2914 3023 3320 3098 methodus
3400 3013 3627 3090 latius

451 3149 760 3238 pateat,
828 3164 1060 3237 quam
1127 3142 1227 3216 ad
1293 3144 1584 3219 formas
1649 3146 1772 3222 hie
1835 3145 2408 3244 consideratas,
2476 3149 2793 3250 ejusque
2858 3173 3009 3250 ope
3074 3151 3271 3230 haec
3334 3163 3625 3244 aequn·

443 3263 557 3341 tio
625 3265 1062 3368 generalior
1126 3265 1496 3372 integrari
1535 3284 1794 3370 queat

835 3423 2244 3578 XZAy4—na3xy4ca3ae3’y4
2275 3429 2836 3584 ἓ-ἃ-’,ζ-ι-εω.

451 3641 867 3720 denotante
912 3643 992 3718 X
1061 3643 1528 3722 functionem
1595 3673 2121 3748 quamcunque
2187 3650 2422 3750 ipsius
2472 3676 2577 3747 x,
2644 3652 2765 3730 cui
2828 3655 3332 3732 resolvendae
3398 3677 3629 3760 prae·
3750 3630 3755 3634 ’
3872 3649 3881 3658 ’

451 3765 734 3842 eedens
797 3751 1198 3847 methodus
1262 3774 1567 3848 mInime
1635 3776 1948 3868 sufficit,
2039 3799 2326 3858 novam
2390 3781 2833 3862 methodum
2910 3785 3166 3862 statim
3245 3783 3345 3862 ad
3423 3783 3625 3858 hane

453 3891 784 3972 sormam
851 3894 1406 3997 generaliorem
1475 3901 2108 3976 accommodabo.
