4885 5775
1335 403 1462 528 ιδ
2456 427 2914 522 CAPUT
3044 443 3191 520 HL

2257 635 3110 724 corollarium
3251 655 3326 722 1.
3394 739 3401 754 '

1476 868 1685 950 796.
1822 863 2103 938 Totum
2169 888 2360 963 ergo
2427 862 2816 963 negotium
2886 859 3287 934 reducitur·
3342 861 3440 934 ad
3509 855 4097 958 integrationem
4168 853 4411 952 hujus:

1213 993 1688 1098 aequationis
1771 989 2296 1066 differentialis
2398 989 2767 1088 simplicis
2864 981 3001 1068 υὸ
3044 1012 3091 1060 ιι
3125 1011 3329 1085 :p
3370 987 3422 1078 ἃ
3450 1012 3507 1086 p
3556 1027 3657 1041 —-·
3702 1009 3753 1060 ιι
3789 976 3963 1084 ὀρ,
4064 1009 4263 1082 quae
4331 980 4413 1062 si·

1213 1151 1372 1226 ope
1435 1124 1869 1220 regularum
1955 1143 2192 1216 supra
2291 1117 2742 1190 traditarum
2830 1115 3173 1214 expediri
3240 1130 3514 1215 queat,
3620 1113 3845 1192 simul
3916 1109 4417 1212 aequationis-·

1212 1245 2238 1334 differentio·differentialis
2304 1244 2721 1345 integratio
2786 1246 3137 1318 habetur.

2290 1448 3124 1558 Co⁸rollarium
3260 1489 3345 1556 2.

1496 1705 1704 1784 797.
1846 1699 2082 1776 Simui-
2145 1712 2398 1772 autem
2467 1706 2682 1795 patet
2748 1693 3311 1770 resoluti-onem.
3360 1693 3791 1797 hujusmodi
3859 1692 4410 1793 aequationum

1223 1833 1608 1933 duplicem
1677 1827 2260 1926 integrationem
2329 1824 2767 1921 requirere,
2864 1823 3067 1898 unde
3146 1822 3341 1897 duae
3424 1822 3885 1919 quantitates
3954 1817 4407 1897 arbitrariae

1227 1975 1672 2039 constantes
1735 1956 2298 2056 ingredientur,
2369 1952 2639 2049 quibus
2704 1949 3079 2051 integrale
3148 1953 3615 2048 completum
3686 1949 4195 2028 constituitur»

2297 2205 3144 2324 Corollarium·
3272 2215 3354 2284 3.

1497 2445 1707 2522 798.
1837 2434 2156 2512 Etiamsi
2263 2448 2521 2509 autem
2618 2433 3026 2537 integratio
3122 2461 3172 2510 υ
3210 2436 3261 2526 ὃ
3303 2459 3355 2510 ιι
3395 2425 3762 2534 ...pr
3808 2475 3913 2492 —
3956 2457 4010 2510 u
4044 2424 4193 2533 ὄρ*
4254 2459 4425 2512 nou

1240 2557 1648 2653 succedat,
1747 2579 2007 2640 tamen
2074 2563 2344 2662 ingens
2411 2561 2703 2635 lucrum
2773 2579 2890 2638 est
2954 2589 3121 2640 rem
3190 2589 3284 2640 eo
3350 2564 3841 2664 perduxisse,
3938 2587 4115 2640 cum
4180 2585 4421 2663 supra

1239 2698 1644 2775 methodus
1717 2691 2098 2795 generalis
2180 2690 2278 2766 sit
2343 2688 2630 2764 tradita
2710 2692 3129 2792 integralia
3186 2692 3525 2770 omnium
3592 2689 4136 2792 aequationum
4198 2689 4435 2769 diffe-

1244 2825 1674 2908 rentialium
1740 2819 1970 2925 primi
2038 2818 2324 2921 gradus
2388 2817 2734 2921 proxime
2806 2820 3273 2923 assignandi.

2547 3078 3137 3156 Scholion.

1516 3332 1623 3408 79
1649 3335 1728 3405 9.
1863 3320 2174 3421 Operae
2240 3320 2469 3423 igitur
2533 3319 2863 3421 pretium
2944 3323 3089 3399 erit
3170 3346 3601 3417 eos'easus
3670 3323 4200 3422 perpendere,
4248 3322 4469 3421 -qui··

1128 3551 1136 3567 Ι
1252 3460 1397 3533 bus
1463 3451 1820 3550 aequatio
1887 3442 2513 3549 υόιιῖ-ῑρόρ
2556 3492 2659 3504 -
2704 3474 2757 3523 ιι
2795 3450 2849 3540 ὃ
2869 3476 2929 3549 p
2992 3450 3581 3553 integrationem
3650 3449 4018 3546 admittit3
4119 3474 4437 3550 quamo-

1253 3586 1478 3659 brem
1547 3580 2104 3671 examinemus,
2173 3578 2416 3674 qualis
2482 3576 2772 3653 functio
2841 3604 2888 3652 v
2956 3578 3239 3655 debeat
3306 3604 3478 3656 esse
3545 3580 3890 3677 ipsarum
3947 3602 4003 3676 p
4070 3592 4149 3653 et
4200 3600 4292 3675 ιι,
4354 3590 4443 3657 ut

1258 3712 1413 3785 hoc
1482 3708 1808 3783 eveniat.
1939 3705 2274 3807 Primum
2343 3718 2601 3780 autem
2674 3718 2886 3802 patet
2955 3708 3105 3782 hoc
3173 3708 3377 3801 fieri,
3445 3708 3505 3783 si
3574 3734 3621 3783 v
3689 3696 3919 3782 fuerit
3972 3706 4261 3782 sunetIO
4298 3709 4443 3783 ho-

1262 3828 1646 3938 mogenea
1715 3832 1932 3910 unius
1998 3834 2490 3909 dimensionis
2557 3832 2893 3932 ipsarum
2955 3858 3011 3932 p
3078 3850 3157 3913 et
3224 3862 3318 3932 u,
3383 3835 3748 3935 quoniam
3820 3849 3976 3909 tum
4044 3833 4214 3933 ipsa
4248 3836 4443 3911 haec

1269 3964 1624 4063 aequatio
1695 3966 1775 4038 fit
1841 3964 2325 4061 homogenea
2415 3984 2509 4034 ac
2576 3986 2717 4059 per
2782 3962 3092 4063 regulas
3178 3991 3414 4067 supra
3481 3964 3867 4064 expositas
3938 3962 4037 4037 ad
4104 3961 4445 4065 integra-

1265 4092 1554 4168 tionem
1620 4088 1939 4192 perduci
2007 4100 2290 4186 potest.
2423 4086 2724 4164 Deinde
2793 4092 3023 4167 etiam
3091 4093 3501 4196 integratio
3572 4092 3915 4169 succedit
3981 4094 4045 4173 si
4100 4076 4337 4168 ⁸suerit
4392 4114 4455 4165 υ-

1267 4220 1555 4296 functio
1624 4242 2125 4321 quaecunque
2193 4215 2430 4316 ipsius
2488 4238 2588 4313 p,
2672 4219 3034 4317 quoniam
3102 4234 3259 4297 tum
3328 4222 3571 4297 altera
3640 4218 4022 4298 variabilis
4092 4246 4147 4297 ιι
4212 4242 4449 4295 unam

1187 4458 1211 4478 ὀ
1267 4364 1826 4443 dimensionem
1891 4391 2050 4442 non
2119 4376 2458 4465 superat,
2526 4376 2603 4440 et
2669 4366 3137 4467 aequationis
3206 4334 3689 4488 dud—“39
3729 4333 4445 4488 z-ssg—ssintegiwa

1269 4516 1340 4591 le
1407 4532 1527 4592 est
2331 4556 2436 4647 <32

1711 4642 1906 4797 [ἐξ
1947 4636 2719 4851 αΣῘΞ-Ρ3Ρ’

2459 4856 2511 4909 v
