4885 5775
1685 414 2146 497 CAPUT
2275 410 2382 495 11.
3374 424 3583 501 35·-

444 619 732 697 tionem
754 672 779 711 ,
847 637 1074 715 quam
1144 636 1540 714 quousque
1605 612 1922 708 lubet-it,
1988 615 2404 691 extendere
2466 612 2689 707 lieet,
2752 614 3109 695 sufficere
3178 617 3449 716 possit.
3518 616 3631 695 Si·

445 746 602 833 mili
669 746 904 823 modo
971 742 1244 839 etiam,
1313 742 1678 843 quoniam
1741 743 2184 819 methodum
2251 741 2745 835 tradidimus,
2816 745 3359 843 aequationum
3404 745 3633 823 diffe-

445 873 879 953 rentialium
945 870 1169 973 primi
1239 872 1526 973 gradus
1590 869 1992 971 integralia
2055 870 2408 970 proxime
2476 868 2949 967 inveniendi,
3044 874 3319 951 merito
3388 887 3637 953 totum

446 1002 879 1106 negotium,
941 1010 1026 1075 ut
1087 999 1322 1100 plane
1391 997 1872 1093 confectum,
1973 1011 2093 1077 est
2173 1000 2683 1093 censendum,
2779 998 2843 1077 si
2910 1026 3007 1077 eo
3078 1001 3636 1082 resolutionem

449 1129 990 1231 aequationum
1089 1126 1708 1204 differentialium
1791 1127 2152 1204 altiorum
2229 1128 2613 1231 graduum
2694 1128 3070 1206 reducere
3139 1131 3636 1231 potuerimus.

443 1260 722 1355 Quare
787 1258 862 1333 in
931 1259 1077 1333 hae
1144 1256 1485 1333 secunda
1550 1265 1777 1356 parte
1837 1254 2100 1333 statim
2168 1269 2398 1355 atque
2469 1256 3011 1365 aequationem
3044 1256 3637 1369 differentialem

447 1385 768 1465 secundi
865 1386 1157 1487 gradus
1226 1384 1326 1459 ad
1387 1383 1718 1485 primum
1794 1384 2130 1485 gradum
2191 1362 2825 1487 perduxerimus,
2926 1396 3173 1463 totum
3238 1388 3635 1491 negotium

443 1540 595 1617 pro
659 1515 1025 1593 consecto
1092 1512 1238 1591 erit
1301 1512 1763 1591 habendum.

1631 1770 2214 1849 Scholion
2351 1783 2432 1851 2.

724 2035 833 2113 77
848 2030 935 2110 4.
1061 2025 1578 2128 Aequationes
1645 2051 1836 2129 ergo
1895 2026 2962 2124 ·differentio-differentiales,
3028 2055 3227 2130 quae
3292 2034 3443 2109 hoe
3470 2054 3641 2109 mo·

453 2164 556 2237 do
629 2159 725 2234 ad
807 2156 1360 2234 differentiales
1426 2155 1652 2257 primi
1720 2157 2008 2258 gradus
2071 2156 2593 2254 reducuntur,
2670 2158 2783 2234 ita
2852 2175 3026 2234 sunt
3092 2172 3643 2260 comparatae,

449 2311 540 2365 ut
609 2285 866 2388 posito
934 2277 1427 2384 331:pr
1496 2304 1576 2359 et
1641 2276 2166 2388 szqu,
2227 2285 2621 2363 variabilis
2685 2311 2752 2360 x
2814 2283 2990 2386 ipsa
3054 2286 3233 2363 inde
3279 2289 3643 2381 tollatur,

451 2431 534 2493 et
601 2414 952 2513 aequatio
1021 2414 1222 2489 inter
1286 2411 1494 2488 solas
1559 2426 1720 2490 tres
1786 2412 2197 2491 variabiles
2259 2432 2358 2513 y,
2411 2438 2475 2515 p
2539 2425 2617 2493 et
2678 2438 2733 2517 q
2798 2412 3116 2495 oriatur.
3206 2418 3453 2493 Casus
3520 2440 3645 2492 er-

453 2568 560 2647 go
629 2544 902 2641 quibus
968 2541 1140 2618 talis
1205 2540 1558 2638 aequatio
1627 2540 2186 2620 resolutionem
2250 2541 2625 2639 admittit,
2684 2540 3015 2643 duplicis
3082 2540 3264 2623 sunt
3312 2530 3675 2647 generi&

451 2672 560 2747 ad
626 2695 953 2770 quorum
1023 2669 1236 2771 prius
1301 2670 1684 2745 referendi
1743 2680 1928 2749 sunt
1989 2668 2079 2766 ii,
2145 2669 2420 2768 quibus
2488 2695 2539 2774 q
2604 2670 2914 2747 unicam
2981 2672 3278 2750 obtinet
3340 2672 3644 2749 dimen-

455 2799 797 2894 sionem,
893 2798 1098 2912 unde
1167 2822 1218 2902 q
1283 2797 1654 2875 functioni
1726 2799 2062 2898 cuipiam
2141 2798 2493 2903 ipsarum
2562 2820 2631 2900 y
2689 2814 2775 2876 et
2832 2822 2893 2900 p
2962 2801 3284 2898 aequari
3348 2811 3638 2905 potest

1253 2911 1951 3078 :?‘.9—3y1’··-*f(y
1983 2959 2060 3022 et
2077 2953 2178 3046 ρ)
2248 2972 2490 3046 quam
2552 2972 2935 3050 ponamus
3004 2973 3130 3030 ετ.
3164 2949 3279 3041 Τ,
3342 2945 3647 3024 resolu-

450 3095 566 3172 tio
635 3093 1028 3170 succedet.
1177 3101 1262 3184 1)
1337 3091 1411 3168 Si
1473 3095 1538 3168 T
1605 3092 1704 3168 sit
1769 3091 2057 3168 functio
2122 3093 2611 3195 homogenea
2676 3094 2899 3171 unius
2962 3088 3457 3171 dimensionis
3528 3090 3647 3190 ip-

451 3260 720 3319 sarum
784 3263 843 3338 y
912 3251 991 3315 et
1047 3262 1128 3337 p.
1268 3243 1362 3330 2)
1432 3237 1505 3314 Si
1571 3235 1798 3315 fuerit
1861 3211 2292 3316 Τ--ἷ-
2393 3237 2977 3344 designantibus
3044 3237 3102 3318 P
3156 3251 3234 3320 et
3287 3236 3365 3334 Q
3430 3235 3646 3314 fune·

457 2949 660 3024 Cum
727 2945 956 3050 igitur
1023 2948 1120 3024 sit
1188 2971 1238 3043 q

2310 3298 2332 3336 2

451 3390 712 3466 tiones
778 3407 1272 3488 quascunque
1339 3385 1580 3487 ipsius
1637 3409 1694 3482 p
1757 3397 2099 3482 tantum,
2077 3303 2342 3465 y-l‘iige
2400 3385 2612 3464 enim
2678 3383 2764 3464 fit

845 3549 2144 3658 Pbyzzypbpd-Qpbp3

466 3753 839 3833 quorsum
896 3727 1134 3806 etiam
1197 3729 1531 3811 refertur
1601 3751 1866 3824 casus,

878 3931 1112 4010 Τ.-
988 3955 1111 3970 —
1329 3859 1392 3934 P

989 3987 1634 4106 *v4-Qy”

480 4173 570 4255 3)
643 4165 716 4243 si
784 4163 1010 4241 fuerit
1070 4163 1372 4264 sz
1382 4147 1594 4262 (Yp
1635 4178 1754 4260 -4-
1786 4163 1928 4258 Z),
2023 4162 2090 4242 si
2164 4161 2481 4263 quidem
2559 4164 2629 4240 Y
2696 4177 2777 4245 et
2842 4168 2903 4244 Z
2984 4164 3137 4244 sint
3220 4163 3652 4244 functiones

471 4316 976 4409 quaeeunque
1041 4290 1276 4391 ipsius
1333 4315 1430 4391 y,
1499 4292 1676 4392 quia
1743 4306 1909 4369 tum
1969 4291 2338 4391 aequatio

893 4455 2009 4564 ὂΡΞΞΥΡόυή-Υόυ,

485 4637 584 4712 ob
647 4635 956 4712 unicam
1021 4631 1584 4710 dimensionem
1651 4635 1886 4737 ipsius
1945 4662 2002 4735 p
2071 4647 2196 4714 est
2259 4633 2767 4742 integrabilis,
2832 4657 3204 4739 quorsum
3267 4629 3501 4713 etiam
3528 4655 3658 4710 re·

484 4761 840 4842 ferendus
901 4771 1022 4844 est
1079 4763 1314 4843 casus
1375 4759 1646 4862 Τ-..Ξρ
1669 4763 1836 4865 (Υρ
1861 4764 2225 4868 ψΖρπ).
2361 4757 2517 4848 Pro
2598 4770 2847 4849 altero
2928 4782 3219 4871 genere
3284 4763 3351 4842 si
3414 4784 3659 4866 quan·

2800 4895 2879 4941 θ’.
